<?xml version="1.0"?>
<zs:searchRetrieveResponse xmlns:zs="http://www.loc.gov/zing/srw/"><zs:version>1.1</zs:version><zs:numberOfRecords>10199</zs:numberOfRecords><zs:records><zs:record><zs:recordSchema>info:srw/schema/1/marcxml-v1.1</zs:recordSchema><zs:recordPacking>xml</zs:recordPacking><zs:recordData><record xmlns="http://www.loc.gov/MARC21/slim">
  <leader>01485njm a2200385 a 4500</leader>
  <controlfield tag="001">002145839</controlfield>
  <controlfield tag="004">ALL8076</controlfield>
  <controlfield tag="005">20131221201825.0</controlfield>
  <controlfield tag="007">se hmssnnmwhna</controlfield>
  <controlfield tag="007">cr|nn||||a|ump</controlfield>
  <controlfield tag="008">990630s1905    njuwzn g                d</controlfield>
  <datafield tag="028" ind1="0" ind2="0">
    <subfield code="a">9169</subfield>
    <subfield code="b">Edison Gold Moulded Record</subfield>
  </datafield>
  <datafield tag="035" ind1=" " ind2=" ">
    <subfield code="a">(OCoLC)ocm41631439</subfield>
  </datafield>
  <datafield tag="035" ind1="9" ind2=" ">
    <subfield code="a">ALL8076</subfield>
    <subfield code="b">MA</subfield>
  </datafield>
  <datafield tag="040" ind1=" " ind2=" ">
    <subfield code="a">SYB</subfield>
    <subfield code="c">SYB</subfield>
    <subfield code="d">CU-SB</subfield>
  </datafield>
  <datafield tag="245" ind1="0" ind2="0">
    <subfield code="a">Good-night waltz</subfield>
    <subfield code="h">[sound recording].</subfield>
  </datafield>
  <datafield tag="260" ind1=" " ind2=" ">
    <subfield code="a">Orange, N.J. :</subfield>
    <subfield code="b">National Phonograph Co.,</subfield>
    <subfield code="c">[1905]</subfield>
  </datafield>
  <datafield tag="300" ind1=" " ind2=" ">
    <subfield code="a">1 cylinder (ca. 2 min.) :</subfield>
    <subfield code="b">160 rpm ;</subfield>
    <subfield code="c">2 1/4 x 4 in.</subfield>
  </datafield>
  <datafield tag="500" ind1=" " ind2=" ">
    <subfield code="a">Edison Gold Moulded Record: 9169.</subfield>
  </datafield>
  <datafield tag="561" ind1=" " ind2=" ">
    <subfield code="a">Todd collection.</subfield>
    <subfield code="5">CU-SB</subfield>
  </datafield>
  <datafield tag="500" ind1=" " ind2=" ">
    <subfield code="a">Year of release from "The Edison Phonograph Monthly," v.3 (1905/1906).</subfield>
  </datafield>
  <datafield tag="511" ind1="0" ind2=" ">
    <subfield code="a">Edison Military Band.</subfield>
  </datafield>
  <datafield tag="520" ind1="8" ind2=" ">
    <subfield code="a">Dance music.</subfield>
  </datafield>
  <datafield tag="505" ind1="0" ind2=" ">
    <subfield code="a">Medley includes "My dream" waltz, "Auld lang syne", "Good night ladies", "Merrily we roll along", and "Home, sweet home."</subfield>
  </datafield>
  <datafield tag="530" ind1=" " ind2=" ">
    <subfield code="a">Also available online via the Internet.</subfield>
  </datafield>
  <datafield tag="650" ind1=" " ind2="0">
    <subfield code="a">Band music.</subfield>
  </datafield>
  <datafield tag="655" ind1=" " ind2="0">
    <subfield code="a">Waltzes.</subfield>
  </datafield>
  <datafield tag="710" ind1="2" ind2=" ">
    <subfield code="a">Edison Military Band.</subfield>
    <subfield code="4">prf</subfield>
  </datafield>
  <datafield tag="856" ind1="4" ind2="1">
    <subfield code="3">Audio files:</subfield>
    <subfield code="u">http://www.library.ucsb.edu/OBJID/Cylinder0004</subfield>
  </datafield>
  <datafield tag="852" ind1="4" ind2="0">
    <subfield code="a">CU-SB</subfield>
    <subfield code="b">MAIN</subfield>
    <subfield code="c">SPPA</subfield>
    <subfield code="j">Cylinder 0004</subfield>
    <subfield code="n">us</subfield>
    <subfield code="9">1</subfield>
    <subfield code="4">Main Library</subfield>
    <subfield code="5">Special Coll., Performing Arts</subfield>
  </datafield>
  <datafield tag="852" ind1="4" ind2="0">
    <subfield code="a">CU-SB</subfield>
    <subfield code="b">MAIN</subfield>
    <subfield code="c">SPPA</subfield>
    <subfield code="j">Cylinder 6786</subfield>
    <subfield code="t">2</subfield>
    <subfield code="z">Copy 2</subfield>
    <subfield code="n">us</subfield>
    <subfield code="x">dcs 2004 cat</subfield>
    <subfield code="4">Main Library</subfield>
    <subfield code="5">Special Coll., Performing Arts</subfield>
  </datafield>
  <datafield tag="940" ind1=" " ind2=" ">
    <subfield code="a">OCLC</subfield>
  </datafield>
  <datafield tag="945" ind1=" " ind2=" ">
    <subfield code="d">01/26/00</subfield>
    <subfield code="n">dcs 2/2/00 cat</subfield>
  </datafield>
  <datafield tag="948" ind1=" " ind2=" ">
    <subfield code="a">LTI 01/18/2015</subfield>
  </datafield>
  <datafield tag="049" ind1=" " ind2=" ">
    <subfield code="a">CUTM</subfield>
  </datafield>
</record></zs:recordData><zs:recordPosition>4</zs:recordPosition></zs:record>